%%% Example references

@article{bremner2019,
  title={On Proactive, Transparent, and Verifiable Ethical Reasoning for Robots},
  author={Bremner, P. and Dennis, L. and Fisher, M. and Winfield, A.},
  journal={Proceedings of the IEEE},
  volume={107},
  number={3},
  pages={541--561},
  year={2019},
  publisher={IEEE}
}

%Robot architecture
@article{dennis2016,
  title={Formal verification of ethical choices in autonomous systems},
  author={Dennis, L. and Fisher, M. and Slavkovik, M. and Webster, M.},
  journal={Robotics and Autonomous Systems},
  volume={77},
  pages={1--14},
  year={2016},
  publisher={Elsevier}
}


@article{evans2018learning,
  title={Learning explanatory rules from noisy data},
  author={Evans, R. and Grefenstette, E.},
  journal={Journal of Artificial Intelligence Research},
  volume={61},
  pages={1--64},
  year={2018}
}

@book{kelleher2015fundamentals,
  title={Fundamentals of machine learning for predictive data analytics: algorithms, worked examples, and case studies},
  author={Kelleher, J. and Mac Namee, B. and D'arcy, A.},
  year={2015},
  publisher={MIT Press}
}

@article{payani2019inductive,
  title={Inductive Logic Programming via Differentiable Deep Neural Logic Networks},
  author={Payani, A. and Fekri, F.},
  journal = {Working Paper},
  year={2019}
}

@article{wang2017improvement,
  title={Improvement of ID3 algorithm based on simplified information entropy and coordination degree},
  author={Wang, Y. and Li, Y. and Song, Y. and Rong, X. and Zhang, S.},
  journal={Algorithms},
  volume={10},
  number={4},
  pages={124},
  year={2017},
  publisher={Multidisciplinary Digital Publishing Institute}
}

@inproceedings{gangwani2020learning,
  title={Learning belief representations for imitation learning in pomdps},
  author={Gangwani, Tanmay and Lehman, Joel and Liu, Qiang and Peng, Jian},
  booktitle={Uncertainty in Artificial Intelligence},
  pages={1061--1071},
  year={2020},
  organization={PMLR}
}

@article{pascanu2017,
  title={Learning model-based planning from scratch},
  author={Pascanu, R. and Li, Y. and Vinyals, O. and Heess, N. and Buesing, L. and Racani{\`e}re, S. and Reichert, D. and Weber, T. and Wierstra, D. and Battaglia, P.},
  journal = {Working Paper},
  year={2017}
}
